@online{socialsites,
author ={Jeff Dunn},
year = {2017},
title ={Facebook totally dominates the list of most popular social media apps},
url ={http://www.businessinsider.com/facebook-dominates-most-popular-social-media-apps-chart-2017-7},
month ={July},
lastaccessed ={February 28, 2018},
}

@online{zuckpost,
author ={Mark Zuckerberg},
year = {2018},
url ={https://www.facebook.com/zuck/posts/10104413015393571},
month ={Jan},
lastaccessed ={February 28, 2018},
}
https://www.facebook.com/zuck/posts/10104413015393571

@online{fbtime,
year = {2017},
title ={Most popular social networking apps in the United States as of November 2017, by average session duration},
url ={https://www.statista.com/statistics/579411/top-us-social-networking-apps-ranked-by-session-length/},
month ={Nov},
lastaccessed ={February 28, 2018},
}

@online{browsers,
year = {2018},
title ={Browser \& Platform Market Share},
url ={https://www.w3counter.com/globalstats.php},
month ={Jan},
lastaccessed ={February 28, 2018},
}

@online{pew,
author ={Elisa Shearer and Jeffrey Gottfried},
year = {2017},
title ={News Use Across Social Media Platforms 2017},
url ={http://www.journalism.org/2017/09/07/news-use-across-social-media-platforms-2017/},
month ={Sept},
lastaccessed ={February 28, 2018},
}

@article{netflix,
  title={The netflix recommender system: Algorithms, business value, and innovation},
  author={Gomez-Uribe, Carlos A and Hunt, Neil},
  journal={ACM Transactions on Management Information Systems (TMIS)},
  volume={6},
  number={4},
  pages={13},
  year={2016},
  publisher={ACM}
}

@inproceedings{lagnier,
  title={Predicting information diffusion in social networks using content and user?s profiles},
  author={Lagnier, C{\'e}dric and Denoyer, Ludovic and Gaussier, Eric and Gallinari, Patrick},
  booktitle={European conference on information retrieval},
  pages={74--85},
  year={2013},
  organization={Springer}
}

@inproceedings{weightedlinks,
  title={Link prediction of social networks based on weighted proximity measures},
  author={Murata, Tsuyoshi and Moriyasu, Sakiko},
  booktitle={Proceedings of the IEEE/WIC/ACM international conference on web intelligence},
  pages={85--88},
  year={2007},
  organization={IEEE Computer Society}
}

@article{linkpredintro,
  title={The link-prediction problem for social networks},
  author={Liben-Nowell, David and Kleinberg, Jon},
  journal={journal of the Association for Information Science and Technology},
  volume={58},
  number={7},
  pages={1019--1031},
  year={2007},
  publisher={Wiley Online Library}
}

@article{lisurvey,
  title={A Survey on Information Diffusion in Online Social Networks: Models and Methods},
  author={Li, Mei and Wang, Xiang and Gao, Kai and Zhang, Shanshan},
  journal={Information},
  volume={8},
  number={4},
  pages={118},
  year={2017},
  publisher={Multidisciplinary Digital Publishing Institute}
}

@article{weeks,
  title={Predicting dissemination of news content in social media: A focus on reception, friending, and partisanship},
  author={Weeks, Brian E and Holbert, R Lance},
  journal={Journalism \& Mass Communication Quarterly},
  volume={90},
  number={2},
  pages={212--232},
  year={2013},
  publisher={SAGE Publications Sage CA: Los Angeles, CA}
}

@article{ecu,
  title={Creative strategies in social media marketing: An exploratory study of branded social content and consumer engagement},
  author={Ashley, Christy and Tuten, Tracy},
  journal={Psychology \& Marketing},
  volume={32},
  number={1},
  pages={15--27},
  year={2015},
  publisher={Wiley Online Library}
}

@article{chu,
  title={Determinants of consumer engagement in electronic word-of-mouth (eWOM) in social networking sites},
  author={Chu, Shu-Chuan and Kim, Yoojung},
  journal={International journal of Advertising},
  volume={30},
  number={1},
  pages={47--75},
  year={2011},
  publisher={Taylor \& Francis}
}

@article{susarla,
  title={Social networks and the diffusion of user-generated content: Evidence from YouTube},
  author={Susarla, Anjana and Oh, Jeong-Ha and Tan, Yong},
  journal={Information Systems Research},
  volume={23},
  number={1},
  pages={23--41},
  year={2012},
  publisher={INFORMS}
}